<record>
    <controlfield tag="001">319275</controlfield>
    <controlfield tag="003">SzGeCERN</controlfield>
    <controlfield tag="005">20200624170445.0</controlfield>
    <datafield tag="024" ind1="8" ind2=" ">
        <subfield code="a">oai:cds.cern.ch:319275</subfield>
        <subfield code="p">cerncds:FULLTEXT</subfield>
        <subfield code="p">forSciTalks</subfield>
        <subfield code="p">cerncds:TALK</subfield>
        <subfield code="p">cerncds:TALK:FULLTEXT</subfield>
    </datafield>
    <datafield tag="035" ind1=" " ind2=" ">
        <subfield code="a">0242280CERCER</subfield>
    </datafield>
    <datafield tag="041" ind1=" " ind2=" ">
        <subfield code="a">eng</subfield>
    </datafield>
    <datafield tag="100" ind1=" " ind2=" ">
        <subfield code="a">Ellis, Jonathan Richard</subfield>
        <subfield code="u">CERN</subfield>
        <subfield code="0">AUTHOR|(CDS)2108556</subfield>
        <subfield code="9">#BEARD#</subfield>
    </datafield>
    <datafield tag="245" ind1=" " ind2=" ">
        <subfield code="a">Possible experimental manifestations of supersymmetry and superstrings</subfield>
    </datafield>
    <datafield tag="260" ind1=" " ind2=" ">
        <subfield code="c">1987</subfield>
    </datafield>
    <datafield tag="269" ind1=" " ind2=" ">
        <subfield code="a">Geneva</subfield>
        <subfield code="b">CERN</subfield>
        <subfield code="c">1987</subfield>
    </datafield>
    <datafield tag="340" ind1=" " ind2=" ">
        <subfield code="a">paper</subfield>
    </datafield>
    <datafield tag="490" ind1=" " ind2=" ">
        <subfield code="a">CERN Academic Training Lecture</subfield>
        <subfield code="v">195</subfield>
    </datafield>
    <datafield tag="500" ind1=" " ind2=" ">
        <subfield code="a">CERN, Geneva, 9 - 12 Nov 1987</subfield>
    </datafield>
    <datafield tag="542" ind1=" " ind2=" ">
        <subfield code="d">CERN</subfield>
        <subfield code="g">1987</subfield>
    </datafield>
    <datafield tag="650" ind1="1" ind2="7">
        <subfield code="2">SzGeCERN</subfield>
        <subfield code="a">Particle Physics</subfield>
    </datafield>
    <datafield tag="710" ind1=" " ind2=" ">
        <subfield code="5">TH</subfield>
    </datafield>
    <datafield tag="710" ind1=" " ind2=" ">
        <subfield code="a">CERN. Geneva</subfield>
    </datafield>
    <datafield tag="852" ind1=" " ind2=" ">
        <subfield code="c">CERN Central Library</subfield>
        <subfield code="h">Acad. Train. 195</subfield>
    </datafield>
    <datafield tag="852" ind1=" " ind2=" ">
        <subfield code="c">CERN Central Library</subfield>
        <subfield code="h">195</subfield>
    </datafield>
    <datafield tag="856" ind1="4" ind2=" ">
        <subfield code="u">http://preprints.cern.ch/cgi-bin/setlink?base=AT&categ=Academic_Training&id=AT00000398</subfield>
        <subfield code="y">Transparencies</subfield>
    </datafield>
    <datafield tag="856" ind1="4" ind2=" ">
        <subfield code="u">http://cds.cern.ch/record/319275/files/AT00000398.pdf</subfield>
    </datafield>
    <datafield tag="856" ind1="4" ind2=" ">
        <subfield code="u">http://cds.cern.ch/record/319275/files/AT00000398.tif</subfield>
        <subfield code="y">Transparencies</subfield>
    </datafield>
    <datafield tag="901" ind1=" " ind2=" ">
        <subfield code="u">CERN</subfield>
    </datafield>
    <datafield tag="916" ind1=" " ind2=" ">
        <subfield code="s">h</subfield>
        <subfield code="w">200151</subfield>
    </datafield>
    <datafield tag="961" ind1=" " ind2=" ">
        <subfield code="c">20080429</subfield>
        <subfield code="h">2025</subfield>
        <subfield code="l">CER01</subfield>
        <subfield code="x">19970130</subfield>
    </datafield>
    <datafield tag="962" ind1=" " ind2=" ">
        <subfield code="b">531795</subfield>
        <subfield code="n">cern870901</subfield>
    </datafield>
    <datafield tag="963" ind1=" " ind2=" ">
        <subfield code="a">PUBLIC</subfield>
    </datafield>
    <datafield tag="964" ind1=" " ind2=" ">
        <subfield code="a">0002</subfield>
    </datafield>
    <datafield tag="970" ind1=" " ind2=" ">
        <subfield code="a">000242280CER</subfield>
    </datafield>
    <datafield tag="690" ind1="C" ind2=" ">
        <subfield code="a">ACAD</subfield>
    </datafield>
    <datafield tag="690" ind1="C" ind2=" ">
        <subfield code="a">CERN</subfield>
    </datafield>
    <datafield tag="980" ind1=" " ind2=" ">
        <subfield code="a">ACAD</subfield>
    </datafield>
</record>